% Encoding: UTF-8

@TechReport{Weber2012,
  author        = {Dr. Mathias Weber and Jürgen Urbanski},
  title         = {Big Data im Praxiseinsatz – Szenarien, Beispiele, Effekte},
  institution   = {Bitkom},
  year          = {2012},
  date          = {2012-09-18},
  type          = {techreport},
  pages         = {12},
  url           = {https://www.bitkom.org/noindex/Publikationen/2012/Leitfaden/Leitfaden-Big-Data-im-Praxiseinsatz-Szenarien-Beispiele-Effekte/BITKOM-LF-big-data-2012-online1.pdf},
  urldate       = {2017-07-18},
  __markedentry = {[mlelansky:6]},
  owner         = {mlelansky},
  timestamp     = {2017.07.18},
}

@InProceedings{Brewer2000,
  author        = {Eric A. Brewer},
  title         = {Towards Robust Distributed Systems (Abstract)},
  booktitle     = {Proceedings of the Nineteenth Annual ACM Symposium on Principles of Distributed Computing},
  year          = {2000},
  series        = {PODC '00},
  publisher     = {ACM},
  location      = {Portland, Oregon, USA},
  isbn          = {1-58113-183-6},
  pages         = {7},
  doi           = {10.1145/343477.343502},
  url           = {http://doi.acm.org/10.1145/343477.343502},
  __markedentry = {[mlelansky:6]},
  acmid         = {343502},
  address       = {New York, NY, USA},
  owner         = {mlelansky},
  timestamp     = {2017.07.25},
}

@Book{Distener2012,
  author        = {Prof. Dr. Georg Distener and Prof. Dr. rer. nat. Erich Ehses and Prof. Dr.-Ing. Hannes Federrath and Prof. Dr. Friedrich Fels and Prof. Dr. Andreas Hausotter and Prof. Dr.-Ing. Jochen Heinsohn and Prof. Dr. rer. nat. habil. Peter A. Henning and Prof. Dr.-Ing. Frank Jaeger and Prof. Dr. rer. nat. Heiner Klocke and Prof. Dr.-Ing. Ludwig Krauß and Prof. Dr.-Ing. Thomas Kudraß and Prof. Dr.-Ing. habil. Helmut Löffler and Prof. Dr. Rainer Oechsle and Prof. Dr. rer. nat. Walter Pätzhold and Prof. Volkhard Pfeiffer and Prof. Dr. Andreas Pfitzmann and Prof. Dr. jur. Matthias Pierson and Dipl.-Inf. Thomas B. Preußer and Prof. Dr.-Ing. Uwe Schneider and Prof. Dr. Rolf Socher and Prof. Dr.-Ing. habil. Rainer G. Spallek and Prof. Dr. agr. Heinz-Jürgen Spielmann and Prof. Dr. rer. nat. Frank Victor and Prof. Dr.-Ing. habil. Dr. rer. nat. Dieter Werner and Dipl.-Inf. Martin Zabel},
  title         = {Taschenbuch der Informatik},
  year          = {2012},
  date          = {2012-03-11},
  editor        = {Prof. Dr.-Ing. Uwe Schneider},
  publisher     = {Hanser Fachbuchverlag},
  isbn          = {3446426388},
  pagetotal     = {736},
  url           = {http://www.ebook.de/de/product/14914014/taschenbuch_der_informatik.html},
  __markedentry = {[mlelansky:6]},
  ean           = {9783446426382},
  owner         = {mlelansky},
  timestamp     = {2017.07.31},
}

@Comment{jabref-meta: databaseType:biblatex;}
